<?xml version="1.0" encoding="UTF-8"?><collection xmlns="http://www.loc.gov/MARC21/slim"><record><leader>00427nam--2200133-i-4500</leader><controlfield tag="001">000009999</controlfield><controlfield tag="002">20161230</controlfield><controlfield tag="005">20161230201028</controlfield><controlfield tag="008">060222s1000------------r-----000-0-eng-d</controlfield><datafield ind1=" " ind2=" " tag="245"><subfield code="a">Boron. vol.2: preparation, properties and application s. based on papers presented at the 1964 paris international symposium on boron</subfield></datafield><datafield ind1=" " ind2=" " tag="260"><subfield code="a">New York, Plenum Press, 1965</subfield></datafield><datafield ind1=" " ind2=" " tag="490"><subfield code="a">Xv + 345 P</subfield></datafield><datafield ind1=" " ind2=" " tag="700"><subfield code="a">Gaule, Gerhart K</subfield></datafield><datafield ind1=" " ind2=" " tag="852"><subfield code="a">546.27</subfield></datafield></record></collection>